@MISC{Murata00taxonomyof,
    author = {Makoto Murata and Dongwon Lee and Murali Mani},
    title = {Taxonomy of XML Schema Languages using Formal Language Theory},
    year = {2000}
}
